@book{Kuchling.2014,
title = {Taschenbuch der Physik mit zahlreichen Tabellen},
author = {Kuchling, Horst 1923-2021},
publisher = {Fachbuchverlag Leipzig im Carl-Hanser-Verlag},
year = {2014},
edition = {21., aktualisierte Auflage, Jubil√§umsausgabe 50 Jahre}}
